@article{killcentrifuge,
  title={To kill a centrifuge: A technical analysis of what stuxnetâ€™s creators tried to achieve},
  author={Langner, Ralph},
  journal={The Langner Group},
  year={2013}
}

@book{pubirannuclearsite,
    author = "publicintelligence.net",
    url = "https://publicintelligence.net/iran-nuclear-site-natanz-uranium-enrichment-site/"
}

@book{natanz,
    author = "GlobalSecurity.org",
    url = "https://www.globalsecurity.org/wmd/world/iran/natanz.htm"
}

@book{corera2009shopping,
  title={Shopping for Bombs: Nuclear Proliferation, Global Insecurity, and the Rise and Fall of the A.Q. Khan Network},
  author={Corera, G.},
  isbn={9780195375237},
  lccn={2006012510},
  year={2009},
  publisher={OUP USA}
}

@article{sangercyber,
    author = "David E. Sanger",
    title = "Obama Ordered Wave of Cyberattacks against Iran",
    journal = "The New York Times",
    year = "2012",
    url = "www.nytimes.com"
}

@book{iaeareport,
    author = "David Albright, Andrea Stricker",
    title = {IAEA Iran Safeguards Report Analysis - Iran Commits Multiple Violations of the Nuclear Deal, Several Non-Reversible},
    year = "2019",
    url = "https://isis-online.org/isis-reports/detail/iaea-iran-safeguards-report-analysis"
}

@article{siemens,
  title={Siemens: Stuxnet worm hit industrial systems},
  author={McMillan, Robert},
  journal={Computerworld},
  volume={14},
  year={2010}
}

@article{rosenbaum,
  title={Richard Clarke on Who Was Behind the Stuxnet Attack},
  author={Rosenbaum, Ron},
  journal={Smithsonian},
  pages={12},
  year={2012}
}

@book{eth,
author = {Baezner, Marie and Robin, Patrice},
year = {2018},
month = {02},
title = {Stuxnet}
}